@article{TOFTE1997109,
title = "Region-Based Memory Management",
journal = "Information and Computation",
volume = "132",
number = "2",
pages = "109 - 176",
year = "1997",
note = "",
issn = "0890-5401",
olddoi = "http://dx.doi.org/10.1006/inco.1996.2613",
oldurl = "http://www.sciencedirect.com/science/article/pii/S0890540196926139",
author = "Mads Tofte and Jean-Pierre Talpin",

}

@inproceedings{Hofmann:2003:SPH:604131.604148,
 author = {Hofmann, Martin and Jost, Steffen},
 title = {Static Prediction of Heap Space Usage for First-order Functional Programs},
 booktitle = {Proceedings of the 30th ACM SIGPLAN-SIGACT Symposium on Principles of Programming Languages},
 series = {POPL '03},
 year = {2003},
 isbn = {1-58113-628-5},
 location = {New Orleans, Louisiana, USA},
 pages = {185--197},
 numpages = {13},
 oldurl = {http://doi.acm.org/10.1145/604131.604148},
 olddoi = {10.1145/604131.604148},
 acmid = {604148},
 publisher = {ACM},
 address = {New York, NY, USA},
 keywords = {functional programming, garbage collection, heap, program analysis, resources},
} 

@inproceedings{Grossman:2002:RMM:512529.512563,
 author = {Grossman, Dan and Morrisett, Greg and Jim, Trevor and Hicks, Michael and Wang, Yanling and Cheney, James},
 title = {Region-based Memory Management in Cyclone},
 booktitle = {Proceedings of the ACM SIGPLAN 2002 Conference on Programming Language Design and Implementation},
 series = {PLDI '02},
 year = {2002},
 isbn = {1-58113-463-0},
 location = {Berlin, Germany},
 pages = {282--293},
 numpages = {12},
 oldurl = {http://doi.acm.org/10.1145/512529.512563},
 olddoi = {10.1145/512529.512563},
 acmid = {512563},
 publisher = {ACM},
 address = {New York, NY, USA},
} 

@inproceedings{Birkedal:1996:RIV:237721.237771,
 author = {Birkedal, Lars and Tofte, Mads and Vejlstrup, Magnus},
 title = {From Region Inference to {Von Neumann} Machines via Region Representation Inference},
 booktitle = {Proceedings of the 23rd ACM SIGPLAN-SIGACT Symposium on Principles of Programming Languages},
 series = {POPL '96},
 year = {1996},
 isbn = {0-89791-769-3},
 location = {St. Petersburg Beach, Florida, USA},
 pages = {171--183},
 numpages = {13},
 oldurl = {http://doi.acm.org/10.1145/237721.237771},
 olddoi = {10.1145/237721.237771},
 acmid = {237771},
 publisher = {ACM},
 address = {New York, NY, USA},
} 

@inproceedings{Morrisett:1998:SFT:268946.268954,
 author = {Morrisett, Greg and Walker, David and Crary, Karl and Glew, Neal},
 title = {From System F to Typed Assembly Language},
 booktitle = {Proceedings of the 25th ACM SIGPLAN-SIGACT Symposium on Principles of Programming Languages},
 series = {POPL '98},
 year = {1998},
 isbn = {0-89791-979-3},
 location = {San Diego, California, USA},
 pages = {85--97},
 numpages = {13},
 oldurl = {http://doi.acm.org/10.1145/268946.268954},
 olddoi = {10.1145/268946.268954},
 acmid = {268954},
 publisher = {ACM},
 address = {New York, NY, USA},
}

@inproceedings{Henriksen:2014:SSH:2636228.2636238,
 author = {Henriksen, Troels and Elsman, Martin and Oancea, Cosmin E.},
 title = {Size {Slicing}: {A} Hybrid Approach to Size Inference in {Futhark}},
 booktitle = {Proceedings of the 3rd ACM SIGPLAN Workshop on Functional High-performance Computing},
 series = {FHPC '14},
 year = {2014},
 isbn = {978-1-4503-3040-4},
 location = {Gothenburg, Sweden},
 pages = {31--42},
 numpages = {12},
 oldurl = {http://doi.acm.org/10.1145/2636228.2636238},
 olddoi = {10.1145/2636228.2636238},
 acmid = {2636238},
 publisher = {ACM},
 address = {New York, NY, USA},
 keywords = {dependent types, functional language, size analysis},
} 

@phdthesis{vasconcelos2008space,
  title={Space cost analysis using sized types},
  author={Vasconcelos, Pedro B},
  year={2008},
  school={University of St Andrews}
}

@article{baker1992lively,
  title={Lively linear lisp: `look ma, no garbage!'},
  author={Baker, Henry G},
  journal={ACM Sigplan notices},
  volume={27},
  number={8},
  pages={89--98},
  year={1992},
  publisher={ACM}
}

@inproceedings{fluet2006linear,
  title={Linear regions are all you need},
  author={Fluet, Matthew and Morrisett, Greg and Ahmed, Amal},
  booktitle={European Symposium on Programming},
  pages={7--21},
  year={2006},
  organization={Springer}
}

@inproceedings{kiselyov2008lightweight,
  title={Lightweight monadic regions},
  author={Kiselyov, Oleg and Shan, Chung-chieh},
  booktitle={ACM Sigplan Notices},
  volume={44},
  number={2},
  pages={1--12},
  year={2008},
  organization={ACM}
}

@inproceedings{montenegro2009simple,
  title={A simple region inference algorithm for a first-order functional language},
  author={Montenegro, Manuel and Pe{\~n}a, Ricardo and Segura, Clara},
  booktitle={International Workshop on Functional and Constraint Logic Programming},
  pages={145--161},
  year={2009},
  organization={Springer}
}

@inproceedings{montenegro2008type,
  title={A type system for safe memory management and its proof of correctness},
  author={Montenegro, Manuel and Pe{\~n}a, Ricardo and Segura, Clara},
  booktitle={Proceedings of the 10th international ACM SIGPLAN conference on Principles and practice of declarative programming},
  pages={152--162},
  year={2008},
  organization={ACM}
}

@article{clements2004tail,
  title={A tail-recursive machine with stack inspection},
  author={Clements, John and Felleisen, Matthias},
  journal={ACM Transactions on Programming Languages and Systems (TOPLAS)},
  volume={26},
  number={6},
  pages={1029--1052},
  year={2004},
  publisher={ACM}
}

@article{friedman1975unwinding,
  title={Unwinding stylized recursions into iterations},
  author={Friedman, D and Wise, S},
  journal={Comput. Sci. Dep., Indiana University, Bloomington, IN, Tech. Rep},
  volume={19},
  year={1975}
}

@INPROCEEDINGS{Research98afunctional,
    author = {Yasuhiko Minamide},
    title = {A Functional Representation of Data Structures with a Hole},
    booktitle = {In Conference Record of the 25th Symposium on Principles of Programming Languages (POPL '98},
    year = {1998},
    pages = {75--84}
}

@article{cheng1996destination,
  title={Destination-passing style and generational garbage collection},
  author={Cheng, Perry and Okasaki, Chris},
  year={1996}
}

@phdthesis{larus1989restructuring,
  title={Restructuring symbolic programs for concurrent execution on multiprocessors},
  author={Larus, James R},
  volume={89},
  year={1989}
}

@inproceedings{wadler1984listlessness,
  title={Listlessness is better than laziness: Lazy evaluation and garbage collection at compile-time},
  author={Wadler, Philip},
  booktitle={Proceedings of the 1984 ACM Symposium on LISP and functional programming},
  pages={45--52},
  year={1984},
  organization={ACM}
}

@inproceedings{turner1995once,
  title={Once upon a type},
  author={Turner, David N and Wadler, Philip and Mossin, Christian},
  booktitle={Proceedings of the seventh international conference on Functional programming languages and computer architecture},
  pages={1--11},
  year={1995},
  organization={ACM}
}

@inproceedings{wadler1990linear,
  title={Linear types can change the world},
  author={Wadler, Philip},
  booktitle={IFIP TC},
  volume={2},
  pages={347--359},
  year={1990},
  organization={Citeseer}
}

@inproceedings{walker2000alias,
  title={Alias types for recursive data structures},
  author={Walker, David and Morrisett, Greg},
  booktitle={International Workshop on Types in Compilation},
  pages={177--206},
  year={2000},
  organization={Springer}
}

@INPROCEEDINGS{Clinger98propertail,
    author = {William D. Clinger},
    title = {Proper Tail Recursion and Space Efficiency},
    booktitle = {},
    year = {1998},
    pages = {174--185},
    publisher = {ACM Press}
}

@article{Tofte:2004:RRM:993034.993040,
 author = {Tofte, Mads and Birkedal, Lars and Elsman, Martin and Hallenberg, Niels},
 title = {A Retrospective on Region-Based Memory Management},
 journal = {Higher Order Symbol. Comput.},
 issue_date = {September 2004},
 volume = {17},
 number = {3},
 month = sep,
 year = {2004},
 issn = {1388-3690},
 pages = {245--265},
 numpages = {21},
 oldurl = {http://dx.doi.org/10.1023/B:LISP.0000029446.78563.a4},
 olddoi = {10.1023/B:LISP.0000029446.78563.a4},
 acmid = {993040},
 publisher = {Kluwer Academic Publishers},
 address = {Hingham, MA, USA},
 keywords = {Standard ML, dynamic storage management, regions},
} 

@inproceedings{Henriksen:2014:BCI:2627373.2627388,
 author = {Henriksen, Troels and Oancea, Cosmin E.},
 title = {Bounds Checking: An Instance of Hybrid Analysis},
 booktitle = {Proceedings of ACM SIGPLAN International Workshop on Libraries, Languages, and Compilers for Array Programming},
 series = {ARRAY'14},
 year = {2014},
 isbn = {978-1-4503-2937-8},
 location = {Edinburgh, United Kingdom},
 pages = {88:88--88:94},
 articleno = {88},
 numpages = {7},
 oldurl = {http://doi.acm.org/10.1145/2627373.2627388},
 olddoi = {10.1145/2627373.2627388},
 acmid = {2627388},
 publisher = {ACM},
 address = {New York, NY, USA},
 keywords = {autoparallelization, functional language, subscripts bounds checking},
} 

@inproceedings{iverson1962programming,
  title={{A Programming Language}},
  author={Iverson, Kenneth E},
  booktitle={Proceedings of the May 1-3, 1962, spring joint computer conference},
  pages={345--351},
  year={1962},
  organization={ACM}
}

@Article{Grelck2006,
author="Grelck, Clemens
and Scholz, Sven-Bodo",
title="{SAC}---{A} Functional Array Language for Efficient Multi-threaded Execution",
journal="International Journal of Parallel Programming",
year="2006",
volume="34",
number="4",
pages="383--427",
issn="1573-7640",
olddoi="10.1007/s10766-006-0018-x",
oldurl="http://dx.doi.org/10.1007/s10766-006-0018-x"
}

@inproceedings{Mainland:2010:NEC:1863523.1863533,
 author = {Mainland, Geoffrey and Morrisett, Greg},
 title = {Nikola: Embedding Compiled GPU Functions in Haskell},
 booktitle = {Proceedings of the Third ACM Haskell Symposium on Haskell},
 series = {Haskell '10},
 year = {2010},
 isbn = {978-1-4503-0252-4},
 location = {Baltimore, Maryland, USA},
 pages = {67--78},
 numpages = {12},
 oldurl = {http://doi.acm.org/10.1145/1863523.1863533},
 olddoi = {10.1145/1863523.1863533},
 acmid = {1863533},
 publisher = {ACM},
 address = {New York, NY, USA},
 keywords = {cuda, gpu, meta programming},
} 

@article{jay1999programming,
  title={Programming in {FISh}},
  author={Jay, C Barry},
  journal={International Journal on Software Tools for Technology Transfer},
  volume={2},
  number={3},
  pages={307--315},
  year={1999},
  publisher={Springer}
}

@inproceedings{deforestation,
  title={Deforestation: Transforming programs to eliminate trees},
  author={Wadler, Philip},
  booktitle={ESOP'88},
  pages={344--358},
  year={1988},
  organization={Springer}
}

@inproceedings{foldr-fusion-1,
  title={A short cut to deforestation},
  author={Gill, Andrew and Launchbury, John and Peyton Jones, Simon L},
  oldbooktitle={Proceedings of the conference on Functional programming languages and computer architecture},
  pages={223--232},
  series = {FPCA},
  year={1993},
  organization={ACM}
}

@inproceedings{Svenningsson:2002:SFA:581478.581491,
 author = {Svenningsson, Josef},
 title = {Shortcut Fusion for Accumulating Parameters \& Zip-like Functions},
 oldbooktitle = {Proceedings of the Seventh ACM SIGPLAN International Conference on Functional Programming},
 series = {ICFP '02},
 year = {2002},
 isbn = {1-58113-487-8},
 location = {Pittsburgh, PA, USA},
 pages = {124--132},
 numpages = {9},
 oldurl = {http://doi.acm.org/10.1145/581478.581491},
 olddoi = {10.1145/581478.581491},
 acmid = {581491},
 publisher = {ACM},
 oldaddress = {New York, NY, USA},
 keywords = {deforestation, functional programming, intermediate data structures, optimisation, program transformation},
} 

@INPROCEEDINGS{Coutts07streamfusion,
    author = {Duncan Coutts and Roman Leshchinskiy and Don Stewart},
    title = {{Stream Fusion. From Lists to Streams to Nothing at All}},
    booktitle = {ICFP '07},
    year = {2007},
    publisher = {}
}

@article{hughes1989functional,
  title={Why functional programming matters},
  author={Hughes, John},
  journal={The computer journal},
  volume={32},
  number={2},
  pages={98--107},
  year={1989},
  publisher={Br Computer Soc}
}

@inproceedings{flanagan1993essence,
  title={The essence of compiling with continuations},
  author={Flanagan, Cormac and Sabry, Amr and Duba, Bruce F and Felleisen, Matthias},
  booktitle={ACM Sigplan Notices},
  volume={28},
  number={6},
  pages={237--247},
  year={1993},
  organization={ACM}
}

@inproceedings{fsharpquotation,
 author = {Syme, Don},
 title = {{Leveraging .NET Meta-programming Components from F\#: Integrated Queries and Interoperable Heterogeneous Execution}},
 booktitle = {Proceedings of the 2006 Workshop on ML},
 series = {ML '06},
 year = {2006},
 isbn = {1-59593-483-9},
 location = {Portland, Oregon, USA},
 pages = {43--54},
 numpages = {12},
 url = {http://doi.acm.org/10.1145/1159876.1159884},
 doi = {10.1145/1159876.1159884},
 acmid = {1159884},
 publisher = {ACM},
 address = {New York, NY, USA},
 keywords = {GPUs, LINQ, database languages, domain specific languages, functional programming, meta-programming, reflection},
} 

@article{srajerbenchmark,
  title={A Benchmark of Selected Algorithmic Differentiation Tools on Some Problems in Machine Learning and Computer Vision},
  author={Srajer, Filip and Kukelova, Zuzana and Fitzgibbon, Andrew and Schwing, Alexander G and Pollefeys, Marc and Pajdla, Tomas},
  journal = {Automatic Differentiation},
  year = 2016
}

@inproceedings{Hallenberg:2002:CRI:512529.512547,
 author = {Hallenberg, Niels and Elsman, Martin and Tofte, Mads},
 title = {{Combining Region Inference and Garbage Collection}},
 booktitle = {Proceedings of the ACM SIGPLAN 2002 Conference on Programming Language Design and Implementation},
 series = {PLDI '02},
 year = {2002},
 isbn = {1-58113-463-0},
 location = {Berlin, Germany},
 pages = {141--152},
 numpages = {12},
 url = {http://doi.acm.org/10.1145/512529.512547},
 doi = {10.1145/512529.512547},
 acmid = {512547},
 publisher = {ACM},
 address = {New York, NY, USA},
 keywords = {garbage collection, region interface, standard ML},
} 


@article{guennebaud2010eigen,
  title={Eigen},
  author={Guennebaud, Ga{\"e}l and Jacob, Benoit and others},
  journal={URl: http://eigen. tuxfamily. org},
  year={2010}
}

@inproceedings{triggs1999bundle,
  title={Bundle adjustment—a modern synthesis},
  author={Triggs, Bill and McLauchlan, Philip F and Hartley, Richard I and Fitzgibbon, Andrew W},
  booktitle={International workshop on vision algorithms},
  pages={298--372},
  year={1999},
  organization={Springer}
}

@inproceedings{hertz2005quantifying,
  title={Quantifying the performance of garbage collection vs. explicit memory management},
  author={Hertz, Matthew and Berger, Emery D},
  booktitle={OOPSLA},
  pages={313--326},
  year={2005},
  organization={ACM}
}

@article{devito2016opt,
  title={{Opt: A Domain Specific Language for Non-linear Least Squares Optimization in Graphics and Imaging}},
  author={DeVito, Zachary and Mara, Michael and Zollh{\"o}fer, Michael and Bernstein, Gilbert and Ragan-Kelley, Jonathan and Theobalt, Christian and Hanrahan, Pat and Fisher, Matthew and Nie{\ss}ner, Matthias},
  journal={arXiv preprint arXiv:1604.06525},
  year={2016}
}

@inproceedings{chiw2012diderot,
  title={{Diderot: A parallel DSL for Image Analysis and Visualization}},
  author={Chiw, Charisee and Kindlmann, Gordon and Reppy, John and Samuels, Lamont and Seltzer, Nick},
  booktitle={Acm sigplan notices},
  volume={47},
  number={6},
  pages={111--120},
  year={2012},
  organization={ACM}
}

@article{ragan2013halide,
  title={{Halide: A language and compiler for optimizing parallelism, locality, and recomputation in image processing pipelines}},
  author={Ragan-Kelley, Jonathan and Barnes, Connelly and Adams, Andrew and Paris, Sylvain and Durand, Fr{\'e}do and Amarasinghe, Saman},
  journal={ACM SIGPLAN Notices},
  volume={48},
  number={6},
  pages={519--530},
  year={2013},
  publisher={ACM}
}

@inproceedings{sujeeth2011optiml,
  title={{OptiML: An Implicitly Parallel Domain-Specific Language for Machine Learning}},
  author={Sujeeth, Arvind and Lee, HyoukJoong and Brown, Kevin and Rompf, Tiark and Chafi, Hassan and Wu, Michael and Atreya, Anand and Odersky, Martin and Olukotun, Kunle},
  booktitle={Proceedings of the 28th International Conference on Machine Learning (ICML-11)},
  pages={609--616},
  year={2011}
}

@inproceedings{taylor2014user,
  title={User-specific hand modeling from monocular depth sequences},
  author={Taylor, Jonathan and Stebbing, Richard and Ramakrishna, Varun and Keskin, Cem and Shotton, Jamie and Izadi, Shahram and Hertzmann, Aaron and Fitzgibbon, Andrew},
  booktitle={Proceedings of the IEEE Conference on Computer Vision and Pattern Recognition},
  pages={644--651},
  year={2014}
}

@article{spiral,
  title={{SPIRAL:} Code generation for {DSP} transforms},
  author={Puschel, Markus and Moura, Jos{\'e} MF and Johnson, Jeremy R and Padua, David and Veloso, Manuela M and Singer, Bryan W and Xiong, Jianxin and Franchetti, Franz and Gacic, Aca and Voronenko, Yevgen and others},
  OLD_author = {Puschel, Markus and others},
  journal={Proceedings of the IEEE},
  volume={93},
  number={2},
  pages={232--275},
  year={2005},
  publisher={IEEE}
}

@inproceedings{spampinato2016basic,
  title={A basic linear algebra compiler for structured matrices},
  author={Spampinato, Daniele G and P{\"u}schel, Markus},
  booktitle={CGO '16},
  oldpages={117--127},
  oldyear={2016},
  organization={ACM}
}
